
@book{matousek2007understanding,
	isbn = {978-3540306979},
	address = {Berlin New York},
	year = {2007},
	publisher = {Springer},
	title = {Understanding and using linear programming},
	author = {Ji\v{r}\'\i\ Matou\v{s}ek and Bernd G\"artner}
}

@book{dantzig1998linear,
  title={Linear programming and extensions},
  author={Dantzig, George B},
  year={1998},
  publisher={Princeton university press}
}

